@article{Barabasi1999,
author = {Barab{\'{a}}si, Albert-Laszlo and Albert, Reka},
journal = {Science},
number = {October},
title = {Emergence of scaling in random networks},
volume = {286},
year = {1999}
}


@book{Kolaczyk2009,
 author = {Kolaczyk, Eric D.},
 title = {Statistical Analysis of Network Data: Methods and Models},
 year = {2009},
 isbn = {038788145X, 9780387881454},
 edition = {1st},
 publisher = {Springer Publishing Company, Incorporated},
} 


@article{Wang2012e,
author = {Wang, Chunyan and Ye, Mao and Huberman, Bernardo a.},
journal = {Proceedings of the 18th ACM SIGKDD international conference on Knowledge discovery and data mining - KDD '12},
keywords = {conversation dynamics,social networks},
pages = {244},
title = {From user comments to on-line conversations},
year = {2012}
}



@inproceedings{Gomez2010,
author = {G{\'{o}}mez, Vicen{\c{c}} and Kappen, Hilbert J. and Kaltenbrunner, Andreas},
booktitle = {Proceedings of the 22nd ACM conference on Hypertext and hypermedia},
pages = {181--190},
title = {Modeling the structure and evolution of discussion cascades},
year = {2010}
}


@article{Gomez2012,
author = {G{\'{o}}mez, Vicen{\c{c}} and Kappen, Hilbert J and Litvak, Nelly and Kaltenbrunner, Andreas},
journal = {World Wide Web},
month = {apr},
pages = {31},
title = {A likelihood-based framework for the analysis of discussion threads},
year = {2012}
}

@inproceedings{Kumar2010,
author = {Kumar, Ravi and Mahdian, Mohammad and McGlohon, Mary},
booktitle = {Proceedings of the 16th ACM SIGKDD International Conference on Knowledge Discovery and Data Mining},
pages = {553--562},
title = {{Dynamics of Conversations}},
year = {2010}
}





